%% This BibTeX bibliography file was created using BibDesk.
%% http://bibdesk.sourceforge.net/

%% Created for Elizabeth Wolkovich at 2020-08-07 16:57:55 -0700 


%% Saved with string encoding Unicode (UTF-8) 



@article{vissergienapp2019,
	Author = {Visser, M. E. and Gienapp, P.},
	Date-Added = {2020-08-07 16:57:54 -0700},
	Date-Modified = {2020-08-07 16:57:54 -0700},
	Doi = {10.1038/s41559-019-0880-8},
	Issn = {2397-334X},
	Journal = {Nature Ecology \& Evolution},
	Number = {6},
	Pages = {879-885},
	Title = {Evolutionary and demographic consequences of phenological mismatches},
	Type = {Journal Article},
	Url = {<Go to ISI>://WOS:000470917200009},
	Volume = {3},
	Year = {2019},
	Bdsk-Url-1 = {%3CGo%20to%20ISI%3E://WOS:000470917200009},
	Bdsk-Url-2 = {https://doi.org/10.1038/s41559-019-0880-8}}

@article{durant2007,
	Author = {Durant, J. M. and Hjermann, D. O. and Ottersen, G. and Stenseth, N. C.},
	Date-Added = {2020-08-07 16:54:47 -0700},
	Date-Modified = {2020-08-07 16:54:47 -0700},
	Doi = {10.3354/cr033271},
	Issn = {0936-577X},
	Journal = {Climate Research},
	Number = {3},
	Pages = {271-283},
	Title = {Climate and the match or mismatch between predator requirements and resource availability},
	Type = {Journal Article},
	Url = {<Go to ISI>://WOS:000246434600006},
	Volume = {33},
	Year = {2007},
	Bdsk-Url-1 = {%3CGo%20to%20ISI%3E://WOS:000246434600006},
	Bdsk-Url-2 = {http://dx.doi.org/10.3354/cr033271}}

@article{Johansson2015,
	Author = {Johansson, J. and Kristensen, N. P. and Nilsson, J. A. and Jonzen, N.},
	Date-Added = {2020-08-07 16:54:40 -0700},
	Date-Modified = {2020-08-07 16:54:40 -0700},
	Doi = {10.1111/oik.01909},
	Issn = {0030-1299},
	Journal = {Oikos},
	Number = {1},
	Pages = {102-112},
	Title = {The eco-evolutionary consequences of interspecific phenological asynchrony - a theoretical perspective},
	Type = {Journal Article},
	Url = {<Go to ISI>://WOS:000347052300012},
	Volume = {124},
	Year = {2015},
	Bdsk-Url-1 = {%3CGo%20to%20ISI%3E://WOS:000347052300012},
	Bdsk-Url-2 = {http://dx.doi.org/10.1111/oik.01909}}

@article{tikka2003,
	Author = {Tikkanen, O. P. and Julkunen-Tiitto, R.},
	Date-Added = {2020-08-07 16:54:26 -0700},
	Date-Modified = {2020-08-07 16:54:26 -0700},
	Doi = {10.1007/s00442-003-1267-7},
	Issn = {0029-8549},
	Journal = {Oecologia},
	Number = {2},
	Pages = {244-251},
	Title = {Phenological variation as protection against defoliating insects: the case of Quercus robur and Operophtera brumata},
	Type = {Journal Article},
	Url = {<Go to ISI>://WOS:000184092500009},
	Volume = {136},
	Year = {2003},
	Bdsk-Url-1 = {%3CGo%20to%20ISI%3E://WOS:000184092500009},
	Bdsk-Url-2 = {https://doi.org/10.1007/s00442-003-1267-7}}

@article{lusten2018,
	Author = {Lustenhouwer, N. and Wilschut, R. A. and Williams, J. L. and van der Putten, W. H. and Levine, J. M.},
	Date-Added = {2020-08-07 16:54:19 -0700},
	Date-Modified = {2020-08-07 16:54:19 -0700},
	Doi = {10.1111/gcb.13947},
	Issn = {1354-1013},
	Journal = {Global Change Biology},
	Number = {2},
	Pages = {E534-E544},
	Title = {Rapid evolution of phenology during range expansion with recent climate change},
	Type = {Journal Article},
	Url = {<Go to ISI>://WOS:000423994700014},
	Volume = {24},
	Year = {2018},
	Bdsk-Url-1 = {%3CGo%20to%20ISI%3E://WOS:000423994700014},
	Bdsk-Url-2 = {https://doi.org/10.1111/gcb.13947}}

@article{kharwol2020,
	Author = {Kharouba, H. M. and Wolkovich, E. M.},
	Date-Added = {2020-08-07 16:54:19 -0700},
	Date-Modified = {2020-08-07 16:54:19 -0700},
	Doi = {10.1038/s41558-020-0752-x},
	Issn = {1758-678X},
	Journal = {Nature Climate Change},
	Number = {5},
	Pages = {406-415},
	Title = {Disconnects between ecological theory and data in phenological mismatch research},
	Type = {Journal Article},
	Url = {<Go to ISI>://WOS:000529741000010},
	Volume = {10},
	Year = {2020},
	Bdsk-Url-1 = {%3CGo%20to%20ISI%3E://WOS:000529741000010},
	Bdsk-Url-2 = {https://doi.org/10.1038/s41558-020-0752-x}}

@inbook{kerby2012,
	Address = {Cambridge},
	Author = {Kerby, J. and Wilmers, C. C. and Post, E.},
	Booktitle = {Trait-Mediated Indirect Interactions},
	Date-Added = {2020-08-07 16:54:19 -0700},
	Date-Modified = {2020-08-07 16:54:19 -0700},
	Editor = {Ohgushi, T. and Schmitz, O. J. and Holt, R. D.},
	Pages = {508-525},
	Publisher = {Cambridge University Press,},
	Title = {Climate change, phenology and the nature of consummer-resource interactions: advancing the match/mismatch hypothesis},
	Type = {Book Section},
	Year = {2012}}

@article{charm2014fe,
	Author = {Charmantier, A. and Gienapp, P.},
	Date-Added = {2020-08-07 16:54:19 -0700},
	Date-Modified = {2020-08-07 16:54:19 -0700},
	Doi = {10.1111/eva.12126},
	Issn = {1752-4571},
	Journal = {Evolutionary Applications},
	Number = {1},
	Pages = {15-28},
	Title = {Climate change and timing of avian breeding and migration: evolutionary versus plastic changes},
	Type = {Journal Article},
	Url = {<Go to ISI>://WOS:000332699400002},
	Volume = {7},
	Year = {2014},
	Bdsk-Url-1 = {%3CGo%20to%20ISI%3E://WOS:000332699400002},
	Bdsk-Url-2 = {https://doi.org/10.1111/eva.12126}}

@article{carroll2007,
	Author = {Carroll, S. P. and Hendry, A. P. and Reznick, D. N. and Fox, C. W.},
	Date-Added = {2020-08-07 16:54:19 -0700},
	Date-Modified = {2020-08-07 16:54:19 -0700},
	Doi = {10.1111/j.1365-2435.2007.01289.x},
	Issn = {0269-8463},
	Journal = {Functional Ecology},
	Number = {3},
	Pages = {387-393},
	Title = {Evolution on ecological time-scales},
	Type = {Journal Article},
	Url = {<Go to ISI>://WOS:000246708200001},
	Volume = {21},
	Year = {2007},
	Bdsk-Url-1 = {%3CGo%20to%20ISI%3E://WOS:000246708200001},
	Bdsk-Url-2 = {https://doi.org/10.1111/j.1365-2435.2007.01289.x}}
