%% This BibTeX bibliography file was created using BibDesk.
%% http://bibdesk.sourceforge.net/


%% Created for Heather Kharouba at 2019-01-03 16:38:17 -0500 


%% Saved with string encoding Unicode (UTF-8) 



@article{thackeray2016,
	Author = {Thackeray, Stephen J and Henrys, Peter A and Hemming, Deborah and Bell, James R and Botham, Marc S and Burthe, Sarah and Helaouet, Pierre and Johns, David G and Jones, Ian D and Leech, David I and others},
	Date-Added = {2019-01-03 16:27:01 -0500},
	Date-Modified = {2019-01-03 16:29:01 -0500},
	Journal = {Nature},
	Number = {7611},
	Pages = {241},
	Publisher = {Nature Publishing Group},
	Title = {Phenological sensitivity to climate across taxa and trophic levels},
	Volume = {535},
	Year = {2016}}
